@online{syait,
  title = {System Afrik Information Technology},
  url   = {http://sysait-prod.herokuapp.com/},
  date  = {2024-03-04}
}

@online{Ruby,
  title = {Ruby},
  url   = {https://ruby-doc.org/3.2.2/index.html},
  date  = {2024-03-25}
}

@online{Rails,
  title = {Ruby on Rails},
  url   = {https://guides.rubyonrails.org/index.html},
  date  = {2024-03-30}
}

@online{PostgreSQL,
  title = {PostgreSQL},
  url   = {https://www.postgresql.org/about/},
  date  = {2024-04-02}
}

@online{Vue.js,
  title = {Vue.js},
  url   = {https://vuejs.org/},
  date  = {2024-04-07}
}

@online{Quasar,
  title = {Quasar},
  url   = {https://quasar.dev/docs},
  date  = {2024-04-07}
}

@online{Git,
  title = {Git},
  url   = {https://git-scm.com/},
  date  = {2024-04-10}
}

@online{Confluence,
  title = {Confluence},
  url   = {https://www.atlassian.com/software/confluence},
  date  = {2024-04-11}
}

@online{Devise,
  title = {Devise},
  url   = {https://github.com/heartcombo/devise},
  date  = {2024-04-17}
}

@online{Pundit,
  title = {Pundit},
  url   = {https://github.com/varvet/pundit},
  date  = {2024-04-18}
}

@online{Rolify,
  title = {Rolify},
  url   = {https://github.com/RolifyCommunity/rolify},
  date  = {2024-04-19}
}